@book{Titterton,
  author = "Titterton, D.H. and Weston, J.L.",
  title = "Strapdown inertial navigation technology",
  year = "1992",
  pages = "91--101",
}

@misc{MEMSblog,
  title = {Introduction to MEMS gyroscopes},
  howpublished = {\url{http://electroiq.com/blog/2010/11/introduction-to-mems-gyroscopes/}},
  note = {Accessed: 2015-10-28, used for figures}
}

@article{Bosch,
  author = "Song, C.",
  title = "Commercial vision of silicon based inertial sensors",
  journal = "Tech Dig 9th Intl. Conf Solid State Sensors and Actuators",
  year = "1997",
}

@article{ST,
  author = "Prandi, L.",
  title = "A low-power 3-axis digital-output MEMS gyroscope with single drive and multiplexed angular rate readout",
  journal = "IEEE International Solid-State Circuits Conference",
  year = "2011",
}
